%YAML 1.1
%TAG !u! tag:unity3d.com,2011:
--- !u!29 &1
SceneSettings:
  m_ObjectHideFlags: 0
  m_PVSData: 
  m_PVSObjectsArray: []
  m_PVSPortalsArray: []
  m_OcclusionBakeSettings:
    smallestOccluder: 5
    smallestHole: 0.25
    backfaceThreshold: 100
--- !u!104 &2
RenderSettings:
  m_ObjectHideFlags: 0
  serializedVersion: 6
  m_Fog: 0
  m_FogColor: {r: 0.5, g: 0.5, b: 0.5, a: 1}
  m_FogMode: 3
  m_FogDensity: 0.01
  m_LinearFogStart: 0
  m_LinearFogEnd: 300
  m_AmbientSkyColor: {r: 0.212, g: 0.227, b: 0.259, a: 1}
  m_AmbientEquatorColor: {r: 0.114, g: 0.125, b: 0.133, a: 1}
  m_AmbientGroundColor: {r: 0.047, g: 0.043, b: 0.035, a: 1}
  m_AmbientIntensity: 1
  m_AmbientMode: 0
  m_SkyboxMaterial: {fileID: 10304, guid: 0000000000000000f000000000000000, type: 0}
  m_HaloStrength: 0.5
  m_FlareStrength: 1
  m_FlareFadeSpeed: 3
  m_HaloTexture: {fileID: 0}
  m_SpotCookie: {fileID: 10001, guid: 0000000000000000e000000000000000, type: 0}
  m_DefaultReflectionMode: 0
  m_DefaultReflectionResolution: 128
  m_ReflectionBounces: 1
  m_ReflectionIntensity: 1
  m_CustomReflection: {fileID: 0}
  m_Sun: {fileID: 0}
--- !u!157 &3
LightmapSettings:
  m_ObjectHideFlags: 0
  serializedVersion: 6
  m_GIWorkflowMode: 1
  m_LightmapsMode: 1
  m_GISettings:
    serializedVersion: 2
    m_BounceScale: 1
    m_IndirectOutputScale: 1
    m_AlbedoBoost: 1
    m_TemporalCoherenceThreshold: 1
    m_EnvironmentLightingMode: 0
    m_EnableBakedLightmaps: 1
    m_EnableRealtimeLightmaps: 1
  m_LightmapEditorSettings:
    serializedVersion: 3
    m_Resolution: 2
    m_BakeResolution: 40
    m_TextureWidth: 1024
    m_TextureHeight: 1024
    m_AOMaxDistance: 1
    m_Padding: 2
    m_CompAOExponent: 0
    m_LightmapParameters: {fileID: 0}
    m_TextureCompression: 1
    m_FinalGather: 0
    m_FinalGatherRayCount: 1024
    m_ReflectionCompression: 2
  m_LightingDataAsset: {fileID: 0}
  m_RuntimeCPUUsage: 25
--- !u!196 &4
NavMeshSettings:
  serializedVersion: 2
  m_ObjectHideFlags: 0
  m_BuildSettings:
    serializedVersion: 2
    agentRadius: 0.5
    agentHeight: 2
    agentSlope: 45
    agentClimb: 0.4
    ledgeDropHeight: 0
    maxJumpAcrossDistance: 0
    accuratePlacement: 0
    minRegionArea: 2
    cellSize: 0.16666667
    manualCellSize: 0
  m_NavMeshData: {fileID: 0}
--- !u!1 &76113602 stripped
GameObject:
  m_PrefabParentObject: {fileID: 100000, guid: c70aff9297e6d4e9fa6e82c0038ded02, type: 2}
  m_PrefabInternal: {fileID: 2138289192}
--- !u!1001 &292983386
Prefab:
  m_ObjectHideFlags: 0
  serializedVersion: 2
  m_Modification:
    m_TransformParent: {fileID: 750980973}
    m_Modifications:
    - target: {fileID: 400000, guid: 0329b91dd79424babb86c8dbc3919134, type: 2}
      propertyPath: m_LocalPosition.x
      value: 0.704263
      objectReference: {fileID: 0}
    - target: {fileID: 400000, guid: 0329b91dd79424babb86c8dbc3919134, type: 2}
      propertyPath: m_LocalPosition.y
      value: -5.838694
      objectReference: {fileID: 0}
    - target: {fileID: 400000, guid: 0329b91dd79424babb86c8dbc3919134, type: 2}
      propertyPath: m_LocalPosition.z
      value: -3.4990625
      objectReference: {fileID: 0}
    - target: {fileID: 400000, guid: 0329b91dd79424babb86c8dbc3919134, type: 2}
      propertyPath: m_LocalRotation.x
      value: 0
      objectReference: {fileID: 0}
    - target: {fileID: 400000, guid: 0329b91dd79424babb86c8dbc3919134, type: 2}
      propertyPath: m_LocalRotation.y
      value: 0
      objectReference: {fileID: 0}
    - target: {fileID: 400000, guid: 0329b91dd79424babb86c8dbc3919134, type: 2}
      propertyPath: m_LocalRotation.z
      value: 0
      objectReference: {fileID: 0}
    - target: {fileID: 400000, guid: 0329b91dd79424babb86c8dbc3919134, type: 2}
      propertyPath: m_LocalRotation.w
      value: 1
      objectReference: {fileID: 0}
    - target: {fileID: 400000, guid: 0329b91dd79424babb86c8dbc3919134, type: 2}
      propertyPath: m_RootOrder
      value: 0
      objectReference: {fileID: 0}
    m_RemovedComponents: []
  m_ParentPrefab: {fileID: 100100000, guid: 0329b91dd79424babb86c8dbc3919134, type: 2}
  m_IsPrefabParent: 0
--- !u!1001 &345204869
Prefab:
  m_ObjectHideFlags: 0
  serializedVersion: 2
  m_Modification:
    m_TransformParent: {fileID: 750980973}
    m_Modifications:
    - target: {fileID: 400270, guid: c2455b87c898eb646a195c31546b1481, type: 2}
      propertyPath: m_LocalPosition.x
      value: 0.704263
      objectReference: {fileID: 0}
    - target: {fileID: 400270, guid: c2455b87c898eb646a195c31546b1481, type: 2}
      propertyPath: m_LocalPosition.y
      value: -2.838694
      objectReference: {fileID: 0}
    - target: {fileID: 400270, guid: c2455b87c898eb646a195c31546b1481, type: 2}
      propertyPath: m_LocalPosition.z
      value: -2.6990626
      objectReference: {fileID: 0}
    - target: {fileID: 400270, guid: c2455b87c898eb646a195c31546b1481, type: 2}
      propertyPath: m_LocalRotation.x
      value: 0
      objectReference: {fileID: 0}
    - target: {fileID: 400270, guid: c2455b87c898eb646a195c31546b1481, type: 2}
      propertyPath: m_LocalRotation.y
      value: 0
      objectReference: {fileID: 0}
    - target: {fileID: 400270, guid: c2455b87c898eb646a195c31546b1481, type: 2}
      propertyPath: m_LocalRotation.z
      value: 0
      objectReference: {fileID: 0}
    - target: {fileID: 400270, guid: c2455b87c898eb646a195c31546b1481, type: 2}
      propertyPath: m_LocalRotation.w
      value: 1
      objectReference: {fileID: 0}
    - target: {fileID: 400270, guid: c2455b87c898eb646a195c31546b1481, type: 2}
      propertyPath: m_RootOrder
      value: 4
      objectReference: {fileID: 0}
    - target: {fileID: 100096, guid: c2455b87c898eb646a195c31546b1481, type: 2}
      propertyPath: m_IsActive
      value: 1
      objectReference: {fileID: 0}
    - target: {fileID: 100238, guid: c2455b87c898eb646a195c31546b1481, type: 2}
      propertyPath: m_IsActive
      value: 1
      objectReference: {fileID: 0}
    - target: {fileID: 100280, guid: c2455b87c898eb646a195c31546b1481, type: 2}
      propertyPath: m_IsActive
      value: 0
      objectReference: {fileID: 0}
    - target: {fileID: 100270, guid: c2455b87c898eb646a195c31546b1481, type: 2}
      propertyPath: m_TagString
      value: Stage
      objectReference: {fileID: 0}
    - target: {fileID: 100192, guid: c2455b87c898eb646a195c31546b1481, type: 2}
      propertyPath: m_IsActive
      value: 0
      objectReference: {fileID: 0}
    - target: {fileID: 100282, guid: c2455b87c898eb646a195c31546b1481, type: 2}
      propertyPath: m_IsActive
      value: 1
      objectReference: {fileID: 0}
    - target: {fileID: 100166, guid: c2455b87c898eb646a195c31546b1481, type: 2}
      propertyPath: m_IsActive
      value: 1
      objectReference: {fileID: 0}
    - target: {fileID: 100128, guid: c2455b87c898eb646a195c31546b1481, type: 2}
      propertyPath: m_IsActive
      value: 1
      objectReference: {fileID: 0}
    m_RemovedComponents: []
  m_ParentPrefab: {fileID: 100100000, guid: c2455b87c898eb646a195c31546b1481, type: 2}
  m_IsPrefabParent: 0
--- !u!4 &345438796 stripped
Transform:
  m_PrefabParentObject: {fileID: 400006, guid: db5cc803f9eaf4239ae82229a11bd471, type: 2}
  m_PrefabInternal: {fileID: 1777861772}
--- !u!4 &369817195 stripped
Transform:
  m_PrefabParentObject: {fileID: 400000, guid: 0291ac2d4e1e54df6bfa4776e3683a24, type: 2}
  m_PrefabInternal: {fileID: 379697312}
--- !u!1001 &379697312
Prefab:
  m_ObjectHideFlags: 0
  serializedVersion: 2
  m_Modification:
    m_TransformParent: {fileID: 750980973}
    m_Modifications:
    - target: {fileID: 400000, guid: 0291ac2d4e1e54df6bfa4776e3683a24, type: 2}
      propertyPath: m_LocalPosition.x
      value: 0.704263
      objectReference: {fileID: 0}
    - target: {fileID: 400000, guid: 0291ac2d4e1e54df6bfa4776e3683a24, type: 2}
      propertyPath: m_LocalPosition.y
      value: -2.838694
      objectReference: {fileID: 0}
    - target: {fileID: 400000, guid: 0291ac2d4e1e54df6bfa4776e3683a24, type: 2}
      propertyPath: m_LocalPosition.z
      value: -2.6990626
      objectReference: {fileID: 0}
    - target: {fileID: 400000, guid: 0291ac2d4e1e54df6bfa4776e3683a24, type: 2}
      propertyPath: m_LocalRotation.x
      value: 0
      objectReference: {fileID: 0}
    - target: {fileID: 400000, guid: 0291ac2d4e1e54df6bfa4776e3683a24, type: 2}
      propertyPath: m_LocalRotation.y
      value: 0
      objectReference: {fileID: 0}
    - target: {fileID: 400000, guid: 0291ac2d4e1e54df6bfa4776e3683a24, type: 2}
      propertyPath: m_LocalRotation.z
      value: 0
      objectReference: {fileID: 0}
    - target: {fileID: 400000, guid: 0291ac2d4e1e54df6bfa4776e3683a24, type: 2}
      propertyPath: m_LocalRotation.w
      value: 1
      objectReference: {fileID: 0}
    - target: {fileID: 400000, guid: 0291ac2d4e1e54df6bfa4776e3683a24, type: 2}
      propertyPath: m_RootOrder
      value: 5
      objectReference: {fileID: 0}
    - target: {fileID: 11400000, guid: 0291ac2d4e1e54df6bfa4776e3683a24, type: 2}
      propertyPath: m_Enabled
      value: 1
      objectReference: {fileID: 0}
    - target: {fileID: 11400000, guid: 0291ac2d4e1e54df6bfa4776e3683a24, type: 2}
      propertyPath: m_ReflectionTexture
      value: 
      objectReference: {fileID: 0}
    - target: {fileID: 11400000, guid: 0291ac2d4e1e54df6bfa4776e3683a24, type: 2}
      propertyPath: m_ReflectionDepthTexture
      value: 
      objectReference: {fileID: 0}
    m_RemovedComponents: []
  m_ParentPrefab: {fileID: 100100000, guid: 0291ac2d4e1e54df6bfa4776e3683a24, type: 2}
  m_IsPrefabParent: 0
--- !u!1 &453510438 stripped
GameObject:
  m_PrefabParentObject: {fileID: 100004, guid: f468251a01e8242df8066e377619a712, type: 2}
  m_PrefabInternal: {fileID: 2103401518}
--- !u!82 &462226345 stripped
AudioSource:
  m_PrefabParentObject: {fileID: 8200006, guid: 2b9a716c1d31d45a5b906738bd5ee33e,
    type: 2}
  m_PrefabInternal: {fileID: 1590451871}
--- !u!1001 &529537665
Prefab:
  m_ObjectHideFlags: 0
  serializedVersion: 2
  m_Modification:
    m_TransformParent: {fileID: 750980973}
    m_Modifications:
    - target: {fileID: 400378, guid: 44374dd563c03d64aaff55a08495dd9f, type: 2}
      propertyPath: m_LocalPosition.x
      value: 0.704263
      objectReference: {fileID: 0}
    - target: {fileID: 400378, guid: 44374dd563c03d64aaff55a08495dd9f, type: 2}
      propertyPath: m_LocalPosition.y
      value: -2.838694
      objectReference: {fileID: 0}
    - target: {fileID: 400378, guid: 44374dd563c03d64aaff55a08495dd9f, type: 2}
      propertyPath: m_LocalPosition.z
      value: -2.6990626
      objectReference: {fileID: 0}
    - target: {fileID: 400378, guid: 44374dd563c03d64aaff55a08495dd9f, type: 2}
      propertyPath: m_LocalRotation.x
      value: 0
      objectReference: {fileID: 0}
    - target: {fileID: 400378, guid: 44374dd563c03d64aaff55a08495dd9f, type: 2}
      propertyPath: m_LocalRotation.y
      value: 0
      objectReference: {fileID: 0}
    - target: {fileID: 400378, guid: 44374dd563c03d64aaff55a08495dd9f, type: 2}
      propertyPath: m_LocalRotation.z
      value: 0
      objectReference: {fileID: 0}
    - target: {fileID: 400378, guid: 44374dd563c03d64aaff55a08495dd9f, type: 2}
      propertyPath: m_LocalRotation.w
      value: 1
      objectReference: {fileID: 0}
    - target: {fileID: 400378, guid: 44374dd563c03d64aaff55a08495dd9f, type: 2}
      propertyPath: m_RootOrder
      value: 7
      objectReference: {fileID: 0}
    - target: {fileID: 11400002, guid: 44374dd563c03d64aaff55a08495dd9f, type: 2}
      propertyPath: m_Enabled
      value: 1
      objectReference: {fileID: 0}
    - target: {fileID: 11400006, guid: 44374dd563c03d64aaff55a08495dd9f, type: 2}
      propertyPath: m_Enabled
      value: 1
      objectReference: {fileID: 0}
    - target: {fileID: 11400008, guid: 44374dd563c03d64aaff55a08495dd9f, type: 2}
      propertyPath: refAudioSource
      value: 
      objectReference: {fileID: 462226345}
    - target: {fileID: 100378, guid: 44374dd563c03d64aaff55a08495dd9f, type: 2}
      propertyPath: m_IsActive
      value: 0
      objectReference: {fileID: 0}
    m_RemovedComponents: []
  m_ParentPrefab: {fileID: 100100000, guid: 44374dd563c03d64aaff55a08495dd9f, type: 2}
  m_IsPrefabParent: 0
--- !u!4 &537537349 stripped
Transform:
  m_PrefabParentObject: {fileID: 400000, guid: 0329b91dd79424babb86c8dbc3919134, type: 2}
  m_PrefabInternal: {fileID: 292983386}
--- !u!1 &573677059 stripped
GameObject:
  m_PrefabParentObject: {fileID: 100000, guid: 6f8c40c56b04d4982ae56eadeeb099fb, type: 2}
  m_PrefabInternal: {fileID: 1938304559}
--- !u!1 &750980972
GameObject:
  m_ObjectHideFlags: 0
  m_PrefabParentObject: {fileID: 0}
  m_PrefabInternal: {fileID: 0}
  serializedVersion: 4
  m_Component:
  - 4: {fileID: 750980973}
  m_Layer: 0
  m_Name: BackGrounds
  m_TagString: Untagged
  m_Icon: {fileID: 0}
  m_NavMeshLayer: 0
  m_StaticEditorFlags: 0
  m_IsActive: 1
--- !u!4 &750980973
Transform:
  m_ObjectHideFlags: 0
  m_PrefabParentObject: {fileID: 0}
  m_PrefabInternal: {fileID: 0}
  m_GameObject: {fileID: 750980972}
  m_LocalRotation: {x: 0, y: 0, z: 0, w: 1}
  m_LocalPosition: {x: -0.704263, y: 2.838694, z: 2.6990626}
  m_LocalScale: {x: 1, y: 1, z: 1}
  m_Children:
  - {fileID: 537537349}
  - {fileID: 1851497554}
  - {fileID: 1160000199}
  - {fileID: 345438796}
  - {fileID: 1815870242}
  - {fileID: 369817195}
  - {fileID: 1961203905}
  - {fileID: 948119710}
  - {fileID: 1922455785}
  - {fileID: 1790699895}
  m_Father: {fileID: 0}
  m_RootOrder: 0
--- !u!4 &948119710 stripped
Transform:
  m_PrefabParentObject: {fileID: 400000, guid: c70aff9297e6d4e9fa6e82c0038ded02, type: 2}
  m_PrefabInternal: {fileID: 2138289192}
--- !u!1 &1033232238
GameObject:
  m_ObjectHideFlags: 0
  m_PrefabParentObject: {fileID: 0}
  m_PrefabInternal: {fileID: 0}
  serializedVersion: 4
  m_Component:
  - 4: {fileID: 1033232239}
  - 114: {fileID: 1033232240}
  m_Layer: 0
  m_Name: LevelManager
  m_TagString: Untagged
  m_Icon: {fileID: 0}
  m_NavMeshLayer: 0
  m_StaticEditorFlags: 0
  m_IsActive: 1
--- !u!4 &1033232239
Transform:
  m_ObjectHideFlags: 0
  m_PrefabParentObject: {fileID: 0}
  m_PrefabInternal: {fileID: 0}
  m_GameObject: {fileID: 1033232238}
  m_LocalRotation: {x: 0, y: 0, z: 0, w: 1}
  m_LocalPosition: {x: 0, y: 0, z: 0}
  m_LocalScale: {x: 1, y: 1, z: 1}
  m_Children: []
  m_Father: {fileID: 0}
  m_RootOrder: 3
--- !u!114 &1033232240
MonoBehaviour:
  m_ObjectHideFlags: 0
  m_PrefabParentObject: {fileID: 0}
  m_PrefabInternal: {fileID: 0}
  m_GameObject: {fileID: 1033232238}
  m_Enabled: 1
  m_EditorHideFlags: 0
  m_Script: {fileID: 11500000, guid: 0cc2f22f939ad4e5089d19d1be865340, type: 3}
  m_Name: 
  m_EditorClassIdentifier: 
  liveObjects:
  - {fileID: 1619625770}
  - {fileID: 76113602}
  - {fileID: 573677059}
  - {fileID: 453510438}
--- !u!1001 &1136735076
Prefab:
  m_ObjectHideFlags: 0
  serializedVersion: 2
  m_Modification:
    m_TransformParent: {fileID: 0}
    m_Modifications:
    - target: {fileID: 11450064, guid: 46e4642cfe4c3413ea93d96dfc555cec, type: 2}
      propertyPath: lighting.Array.size
      value: 2
      objectReference: {fileID: 0}
    - target: {fileID: 489490, guid: 46e4642cfe4c3413ea93d96dfc555cec, type: 2}
      propertyPath: m_LocalPosition.x
      value: -0
      objectReference: {fileID: 0}
    - target: {fileID: 489490, guid: 46e4642cfe4c3413ea93d96dfc555cec, type: 2}
      propertyPath: m_LocalPosition.y
      value: 1.41
      objectReference: {fileID: 0}
    - target: {fileID: 489490, guid: 46e4642cfe4c3413ea93d96dfc555cec, type: 2}
      propertyPath: m_LocalPosition.z
      value: 3.93
      objectReference: {fileID: 0}
    - target: {fileID: 489490, guid: 46e4642cfe4c3413ea93d96dfc555cec, type: 2}
      propertyPath: m_LocalRotation.x
      value: 0
      objectReference: {fileID: 0}
    - target: {fileID: 489490, guid: 46e4642cfe4c3413ea93d96dfc555cec, type: 2}
      propertyPath: m_LocalRotation.y
      value: 1
      objectReference: {fileID: 0}
    - target: {fileID: 489490, guid: 46e4642cfe4c3413ea93d96dfc555cec, type: 2}
      propertyPath: m_LocalRotation.z
      value: 0
      objectReference: {fileID: 0}
    - target: {fileID: 489490, guid: 46e4642cfe4c3413ea93d96dfc555cec, type: 2}
      propertyPath: m_LocalRotation.w
      value: -0.00000016292068
      objectReference: {fileID: 0}
    - target: {fileID: 489490, guid: 46e4642cfe4c3413ea93d96dfc555cec, type: 2}
      propertyPath: m_RootOrder
      value: 5
      objectReference: {fileID: 0}
    - target: {fileID: 11450064, guid: 46e4642cfe4c3413ea93d96dfc555cec, type: 2}
      propertyPath: lighting.Array.data[0]
      value: 
      objectReference: {fileID: 1786701386}
    - target: {fileID: 11450064, guid: 46e4642cfe4c3413ea93d96dfc555cec, type: 2}
      propertyPath: lighting.Array.data[1]
      value: 
      objectReference: {fileID: 1712660020}
    - target: {fileID: 445628, guid: 46e4642cfe4c3413ea93d96dfc555cec, type: 2}
      propertyPath: m_LocalPosition.y
      value: -0.12
      objectReference: {fileID: 0}
    - target: {fileID: 3300376, guid: 46e4642cfe4c3413ea93d96dfc555cec, type: 2}
      propertyPath: m_Mesh
      value: 
      objectReference: {fileID: 10206, guid: 0000000000000000e000000000000000, type: 0}
    - target: {fileID: 445628, guid: 46e4642cfe4c3413ea93d96dfc555cec, type: 2}
      propertyPath: m_LocalScale.x
      value: 0.1
      objectReference: {fileID: 0}
    - target: {fileID: 445628, guid: 46e4642cfe4c3413ea93d96dfc555cec, type: 2}
      propertyPath: m_LocalScale.y
      value: 0.49177176
      objectReference: {fileID: 0}
    - target: {fileID: 445628, guid: 46e4642cfe4c3413ea93d96dfc555cec, type: 2}
      propertyPath: m_LocalScale.z
      value: 0.1
      objectReference: {fileID: 0}
    - target: {fileID: 445628, guid: 46e4642cfe4c3413ea93d96dfc555cec, type: 2}
      propertyPath: m_LocalRotation.x
      value: -0.8158806
      objectReference: {fileID: 0}
    - target: {fileID: 445628, guid: 46e4642cfe4c3413ea93d96dfc555cec, type: 2}
      propertyPath: m_LocalRotation.w
      value: 0.57822055
      objectReference: {fileID: 0}
    - target: {fileID: 445628, guid: 46e4642cfe4c3413ea93d96dfc555cec, type: 2}
      propertyPath: m_LocalPosition.z
      value: 1.06
      objectReference: {fileID: 0}
    - target: {fileID: 11450064, guid: 46e4642cfe4c3413ea93d96dfc555cec, type: 2}
      propertyPath: level
      value: 
      objectReference: {fileID: 1033232240}
    - target: {fileID: 445628, guid: 46e4642cfe4c3413ea93d96dfc555cec, type: 2}
      propertyPath: m_LocalPosition.x
      value: 0.51
      objectReference: {fileID: 0}
    - target: {fileID: 445628, guid: 46e4642cfe4c3413ea93d96dfc555cec, type: 2}
      propertyPath: m_LocalRotation.y
      value: 0.00000005661993
      objectReference: {fileID: 0}
    - target: {fileID: 445628, guid: 46e4642cfe4c3413ea93d96dfc555cec, type: 2}
      propertyPath: m_LocalRotation.z
      value: -0.00000007131801
      objectReference: {fileID: 0}
    m_RemovedComponents: []
  m_ParentPrefab: {fileID: 100100000, guid: 46e4642cfe4c3413ea93d96dfc555cec, type: 2}
  m_IsPrefabParent: 0
--- !u!4 &1160000199 stripped
Transform:
  m_PrefabParentObject: {fileID: 400000, guid: f1efd132732334185ad79bc7263913ec, type: 2}
  m_PrefabInternal: {fileID: 1913111979}
--- !u!1001 &1313670513
Prefab:
  m_ObjectHideFlags: 0
  serializedVersion: 2
  m_Modification:
    m_TransformParent: {fileID: 0}
    m_Modifications:
    - target: {fileID: 424718, guid: 5ca80f4596fa44b87912a0592346d260, type: 2}
      propertyPath: m_LocalPosition.x
      value: 0
      objectReference: {fileID: 0}
    - target: {fileID: 424718, guid: 5ca80f4596fa44b87912a0592346d260, type: 2}
      propertyPath: m_LocalPosition.y
      value: 0
      objectReference: {fileID: 0}
    - target: {fileID: 424718, guid: 5ca80f4596fa44b87912a0592346d260, type: 2}
      propertyPath: m_LocalPosition.z
      value: 0
      objectReference: {fileID: 0}
    - target: {fileID: 424718, guid: 5ca80f4596fa44b87912a0592346d260, type: 2}
      propertyPath: m_LocalRotation.x
      value: 0
      objectReference: {fileID: 0}
    - target: {fileID: 424718, guid: 5ca80f4596fa44b87912a0592346d260, type: 2}
      propertyPath: m_LocalRotation.y
      value: 1
      objectReference: {fileID: 0}
    - target: {fileID: 424718, guid: 5ca80f4596fa44b87912a0592346d260, type: 2}
      propertyPath: m_LocalRotation.z
      value: 0
      objectReference: {fileID: 0}
    - target: {fileID: 424718, guid: 5ca80f4596fa44b87912a0592346d260, type: 2}
      propertyPath: m_LocalRotation.w
      value: -0.00000016292068
      objectReference: {fileID: 0}
    - target: {fileID: 424718, guid: 5ca80f4596fa44b87912a0592346d260, type: 2}
      propertyPath: m_RootOrder
      value: 2
      objectReference: {fileID: 0}
    - target: {fileID: 11459972, guid: 5ca80f4596fa44b87912a0592346d260, type: 2}
      propertyPath: enableGyro
      value: 1
      objectReference: {fileID: 0}
    - target: {fileID: 11459972, guid: 5ca80f4596fa44b87912a0592346d260, type: 2}
      propertyPath: enableAccel
      value: 1
      objectReference: {fileID: 0}
    - target: {fileID: 424718, guid: 5ca80f4596fa44b87912a0592346d260, type: 2}
      propertyPath: m_LocalScale.z
      value: 1
      objectReference: {fileID: 0}
    - target: {fileID: 11459972, guid: 5ca80f4596fa44b87912a0592346d260, type: 2}
      propertyPath: emulatorConnectionMode
      value: 1
      objectReference: {fileID: 0}
    m_RemovedComponents: []
  m_ParentPrefab: {fileID: 100100000, guid: 5ca80f4596fa44b87912a0592346d260, type: 2}
  m_IsPrefabParent: 0
--- !u!1001 &1590451871
Prefab:
  m_ObjectHideFlags: 0
  serializedVersion: 2
  m_Modification:
    m_TransformParent: {fileID: 750980973}
    m_Modifications:
    - target: {fileID: 400000, guid: 2b9a716c1d31d45a5b906738bd5ee33e, type: 2}
      propertyPath: m_LocalPosition.x
      value: 0.704263
      objectReference: {fileID: 0}
    - target: {fileID: 400000, guid: 2b9a716c1d31d45a5b906738bd5ee33e, type: 2}
      propertyPath: m_LocalPosition.y
      value: -2.838694
      objectReference: {fileID: 0}
    - target: {fileID: 400000, guid: 2b9a716c1d31d45a5b906738bd5ee33e, type: 2}
      propertyPath: m_LocalPosition.z
      value: -2.6990626
      objectReference: {fileID: 0}
    - target: {fileID: 400000, guid: 2b9a716c1d31d45a5b906738bd5ee33e, type: 2}
      propertyPath: m_LocalRotation.x
      value: 0
      objectReference: {fileID: 0}
    - target: {fileID: 400000, guid: 2b9a716c1d31d45a5b906738bd5ee33e, type: 2}
      propertyPath: m_LocalRotation.y
      value: 0
      objectReference: {fileID: 0}
    - target: {fileID: 400000, guid: 2b9a716c1d31d45a5b906738bd5ee33e, type: 2}
      propertyPath: m_LocalRotation.z
      value: 0
      objectReference: {fileID: 0}
    - target: {fileID: 400000, guid: 2b9a716c1d31d45a5b906738bd5ee33e, type: 2}
      propertyPath: m_LocalRotation.w
      value: 1
      objectReference: {fileID: 0}
    - target: {fileID: 400000, guid: 2b9a716c1d31d45a5b906738bd5ee33e, type: 2}
      propertyPath: m_RootOrder
      value: 9
      objectReference: {fileID: 0}
    m_RemovedComponents: []
  m_ParentPrefab: {fileID: 100100000, guid: 2b9a716c1d31d45a5b906738bd5ee33e, type: 2}
  m_IsPrefabParent: 0
--- !u!1 &1619625770 stripped
GameObject:
  m_PrefabParentObject: {fileID: 100378, guid: 44374dd563c03d64aaff55a08495dd9f, type: 2}
  m_PrefabInternal: {fileID: 529537665}
--- !u!1 &1712660020 stripped
GameObject:
  m_PrefabParentObject: {fileID: 100192, guid: c2455b87c898eb646a195c31546b1481, type: 2}
  m_PrefabInternal: {fileID: 345204869}
--- !u!1001 &1777861772
Prefab:
  m_ObjectHideFlags: 0
  serializedVersion: 2
  m_Modification:
    m_TransformParent: {fileID: 750980973}
    m_Modifications:
    - target: {fileID: 400006, guid: db5cc803f9eaf4239ae82229a11bd471, type: 2}
      propertyPath: m_LocalPosition.x
      value: 0.704263
      objectReference: {fileID: 0}
    - target: {fileID: 400006, guid: db5cc803f9eaf4239ae82229a11bd471, type: 2}
      propertyPath: m_LocalPosition.y
      value: 0.6613059
      objectReference: {fileID: 0}
    - target: {fileID: 400006, guid: db5cc803f9eaf4239ae82229a11bd471, type: 2}
      propertyPath: m_LocalPosition.z
      value: -1.6990626
      objectReference: {fileID: 0}
    - target: {fileID: 400006, guid: db5cc803f9eaf4239ae82229a11bd471, type: 2}
      propertyPath: m_LocalRotation.x
      value: 0.7071069
      objectReference: {fileID: 0}
    - target: {fileID: 400006, guid: db5cc803f9eaf4239ae82229a11bd471, type: 2}
      propertyPath: m_LocalRotation.y
      value: 0
      objectReference: {fileID: 0}
    - target: {fileID: 400006, guid: db5cc803f9eaf4239ae82229a11bd471, type: 2}
      propertyPath: m_LocalRotation.z
      value: 0
      objectReference: {fileID: 0}
    - target: {fileID: 400006, guid: db5cc803f9eaf4239ae82229a11bd471, type: 2}
      propertyPath: m_LocalRotation.w
      value: 0.70710677
      objectReference: {fileID: 0}
    - target: {fileID: 400006, guid: db5cc803f9eaf4239ae82229a11bd471, type: 2}
      propertyPath: m_RootOrder
      value: 3
      objectReference: {fileID: 0}
    m_RemovedComponents: []
  m_ParentPrefab: {fileID: 100100000, guid: db5cc803f9eaf4239ae82229a11bd471, type: 2}
  m_IsPrefabParent: 0
--- !u!1 &1786701386 stripped
GameObject:
  m_PrefabParentObject: {fileID: 100280, guid: c2455b87c898eb646a195c31546b1481, type: 2}
  m_PrefabInternal: {fileID: 345204869}
--- !u!4 &1790699895 stripped
Transform:
  m_PrefabParentObject: {fileID: 400000, guid: 6f8c40c56b04d4982ae56eadeeb099fb, type: 2}
  m_PrefabInternal: {fileID: 1938304559}
--- !u!4 &1815870242 stripped
Transform:
  m_PrefabParentObject: {fileID: 400270, guid: c2455b87c898eb646a195c31546b1481, type: 2}
  m_PrefabInternal: {fileID: 345204869}
--- !u!4 &1851497554 stripped
Transform:
  m_PrefabParentObject: {fileID: 400000, guid: f468251a01e8242df8066e377619a712, type: 2}
  m_PrefabInternal: {fileID: 2103401518}
--- !u!1001 &1913111979
Prefab:
  m_ObjectHideFlags: 0
  serializedVersion: 2
  m_Modification:
    m_TransformParent: {fileID: 750980973}
    m_Modifications:
    - target: {fileID: 400000, guid: f1efd132732334185ad79bc7263913ec, type: 2}
      propertyPath: m_LocalPosition.x
      value: 0.704263
      objectReference: {fileID: 0}
    - target: {fileID: 400000, guid: f1efd132732334185ad79bc7263913ec, type: 2}
      propertyPath: m_LocalPosition.y
      value: -2.838694
      objectReference: {fileID: 0}
    - target: {fileID: 400000, guid: f1efd132732334185ad79bc7263913ec, type: 2}
      propertyPath: m_LocalPosition.z
      value: -2.6990626
      objectReference: {fileID: 0}
    - target: {fileID: 400000, guid: f1efd132732334185ad79bc7263913ec, type: 2}
      propertyPath: m_LocalRotation.x
      value: 0
      objectReference: {fileID: 0}
    - target: {fileID: 400000, guid: f1efd132732334185ad79bc7263913ec, type: 2}
      propertyPath: m_LocalRotation.y
      value: 0
      objectReference: {fileID: 0}
    - target: {fileID: 400000, guid: f1efd132732334185ad79bc7263913ec, type: 2}
      propertyPath: m_LocalRotation.z
      value: 0
      objectReference: {fileID: 0}
    - target: {fileID: 400000, guid: f1efd132732334185ad79bc7263913ec, type: 2}
      propertyPath: m_LocalRotation.w
      value: 1
      objectReference: {fileID: 0}
    - target: {fileID: 400000, guid: f1efd132732334185ad79bc7263913ec, type: 2}
      propertyPath: m_RootOrder
      value: 2
      objectReference: {fileID: 0}
    m_RemovedComponents: []
  m_ParentPrefab: {fileID: 100100000, guid: f1efd132732334185ad79bc7263913ec, type: 2}
  m_IsPrefabParent: 0
--- !u!1 &1921771383
GameObject:
  m_ObjectHideFlags: 0
  m_PrefabParentObject: {fileID: 0}
  m_PrefabInternal: {fileID: 0}
  serializedVersion: 4
  m_Component:
  - 4: {fileID: 1921771385}
  - 108: {fileID: 1921771384}
  m_Layer: 0
  m_Name: Directional light
  m_TagString: Untagged
  m_Icon: {fileID: 0}
  m_NavMeshLayer: 0
  m_StaticEditorFlags: 0
  m_IsActive: 1
--- !u!108 &1921771384
Light:
  m_ObjectHideFlags: 0
  m_PrefabParentObject: {fileID: 0}
  m_PrefabInternal: {fileID: 0}
  m_GameObject: {fileID: 1921771383}
  m_Enabled: 1
  serializedVersion: 6
  m_Type: 1
  m_Color: {r: 1, g: 1, b: 1, a: 1}
  m_Intensity: 1
  m_Range: 10
  m_SpotAngle: 30
  m_CookieSize: 10
  m_Shadows:
    m_Type: 0
    m_Resolution: -1
    m_Strength: 1
    m_Bias: 0.05
    m_NormalBias: 0.4
    m_NearPlane: 0.2
  m_Cookie: {fileID: 0}
  m_DrawHalo: 0
  m_Flare: {fileID: 0}
  m_RenderMode: 0
  m_CullingMask:
    serializedVersion: 2
    m_Bits: 4294967295
  m_Lightmapping: 4
  m_BounceIntensity: 1
  m_ShadowRadius: 0
  m_ShadowAngle: 0
  m_AreaSize: {x: 1, y: 1}
--- !u!4 &1921771385
Transform:
  m_ObjectHideFlags: 0
  m_PrefabParentObject: {fileID: 0}
  m_PrefabInternal: {fileID: 0}
  m_GameObject: {fileID: 1921771383}
  m_LocalRotation: {x: 0.40821794, y: -0.23456973, z: 0.109381676, w: 0.87542605}
  m_LocalPosition: {x: 1.33, y: 6.51, z: -3.72}
  m_LocalScale: {x: 1, y: 1, z: 1}
  m_Children: []
  m_Father: {fileID: 0}
  m_RootOrder: 4
--- !u!4 &1922455785 stripped
Transform:
  m_PrefabParentObject: {fileID: 400000, guid: 2b9a716c1d31d45a5b906738bd5ee33e, type: 2}
  m_PrefabInternal: {fileID: 1590451871}
--- !u!1001 &1938304559
Prefab:
  m_ObjectHideFlags: 0
  serializedVersion: 2
  m_Modification:
    m_TransformParent: {fileID: 750980973}
    m_Modifications:
    - target: {fileID: 400000, guid: 6f8c40c56b04d4982ae56eadeeb099fb, type: 2}
      propertyPath: m_LocalPosition.x
      value: 0.704263
      objectReference: {fileID: 0}
    - target: {fileID: 400000, guid: 6f8c40c56b04d4982ae56eadeeb099fb, type: 2}
      propertyPath: m_LocalPosition.y
      value: -2.838694
      objectReference: {fileID: 0}
    - target: {fileID: 400000, guid: 6f8c40c56b04d4982ae56eadeeb099fb, type: 2}
      propertyPath: m_LocalPosition.z
      value: -2.6990626
      objectReference: {fileID: 0}
    - target: {fileID: 400000, guid: 6f8c40c56b04d4982ae56eadeeb099fb, type: 2}
      propertyPath: m_LocalRotation.x
      value: 0
      objectReference: {fileID: 0}
    - target: {fileID: 400000, guid: 6f8c40c56b04d4982ae56eadeeb099fb, type: 2}
      propertyPath: m_LocalRotation.y
      value: 0
      objectReference: {fileID: 0}
    - target: {fileID: 400000, guid: 6f8c40c56b04d4982ae56eadeeb099fb, type: 2}
      propertyPath: m_LocalRotation.z
      value: 0
      objectReference: {fileID: 0}
    - target: {fileID: 400000, guid: 6f8c40c56b04d4982ae56eadeeb099fb, type: 2}
      propertyPath: m_LocalRotation.w
      value: 1
      objectReference: {fileID: 0}
    - target: {fileID: 400000, guid: 6f8c40c56b04d4982ae56eadeeb099fb, type: 2}
      propertyPath: m_RootOrder
      value: 10
      objectReference: {fileID: 0}
    - target: {fileID: 100000, guid: 6f8c40c56b04d4982ae56eadeeb099fb, type: 2}
      propertyPath: m_IsActive
      value: 0
      objectReference: {fileID: 0}
    m_RemovedComponents: []
  m_ParentPrefab: {fileID: 100100000, guid: 6f8c40c56b04d4982ae56eadeeb099fb, type: 2}
  m_IsPrefabParent: 0
--- !u!1 &1951272856 stripped
GameObject:
  m_PrefabParentObject: {fileID: 100270, guid: c2455b87c898eb646a195c31546b1481, type: 2}
  m_PrefabInternal: {fileID: 345204869}
--- !u!65 &1951272857
BoxCollider:
  m_ObjectHideFlags: 0
  m_PrefabParentObject: {fileID: 0}
  m_PrefabInternal: {fileID: 0}
  m_GameObject: {fileID: 1951272856}
  m_Material: {fileID: 0}
  m_IsTrigger: 0
  m_Enabled: 1
  serializedVersion: 2
  m_Size: {x: 9.33054, y: 6.5558567, z: 0.69641113}
  m_Center: {x: -0.78445244, y: 2.7779284, z: -0.15179443}
--- !u!54 &1951272858
Rigidbody:
  m_ObjectHideFlags: 0
  m_PrefabParentObject: {fileID: 0}
  m_PrefabInternal: {fileID: 0}
  m_GameObject: {fileID: 1951272856}
  serializedVersion: 2
  m_Mass: 1
  m_Drag: 0
  m_AngularDrag: 0.05
  m_UseGravity: 0
  m_IsKinematic: 0
  m_Interpolate: 0
  m_Constraints: 126
  m_CollisionDetection: 0
--- !u!4 &1961203905 stripped
Transform:
  m_PrefabParentObject: {fileID: 400378, guid: 44374dd563c03d64aaff55a08495dd9f, type: 2}
  m_PrefabInternal: {fileID: 529537665}
--- !u!1001 &2056061211
Prefab:
  m_ObjectHideFlags: 0
  serializedVersion: 2
  m_Modification:
    m_TransformParent: {fileID: 0}
    m_Modifications:
    - target: {fileID: 400004, guid: b8b03d395f5734e98af91ccf44f9bf47, type: 2}
      propertyPath: m_LocalPosition.x
      value: -0
      objectReference: {fileID: 0}
    - target: {fileID: 400004, guid: b8b03d395f5734e98af91ccf44f9bf47, type: 2}
      propertyPath: m_LocalPosition.y
      value: 1.41
      objectReference: {fileID: 0}
    - target: {fileID: 400004, guid: b8b03d395f5734e98af91ccf44f9bf47, type: 2}
      propertyPath: m_LocalPosition.z
      value: 3.93
      objectReference: {fileID: 0}
    - target: {fileID: 400004, guid: b8b03d395f5734e98af91ccf44f9bf47, type: 2}
      propertyPath: m_LocalRotation.x
      value: 0
      objectReference: {fileID: 0}
    - target: {fileID: 400004, guid: b8b03d395f5734e98af91ccf44f9bf47, type: 2}
      propertyPath: m_LocalRotation.y
      value: 1
      objectReference: {fileID: 0}
    - target: {fileID: 400004, guid: b8b03d395f5734e98af91ccf44f9bf47, type: 2}
      propertyPath: m_LocalRotation.z
      value: 0
      objectReference: {fileID: 0}
    - target: {fileID: 400004, guid: b8b03d395f5734e98af91ccf44f9bf47, type: 2}
      propertyPath: m_LocalRotation.w
      value: -0.00000016292068
      objectReference: {fileID: 0}
    - target: {fileID: 400004, guid: b8b03d395f5734e98af91ccf44f9bf47, type: 2}
      propertyPath: m_RootOrder
      value: 1
      objectReference: {fileID: 0}
    - target: {fileID: 11400012, guid: b8b03d395f5734e98af91ccf44f9bf47, type: 2}
      propertyPath: stereoScreenScale
      value: 2
      objectReference: {fileID: 0}
    - target: {fileID: 11400012, guid: b8b03d395f5734e98af91ccf44f9bf47, type: 2}
      propertyPath: screenSize
      value: 0
      objectReference: {fileID: 0}
    - target: {fileID: 11400008, guid: b8b03d395f5734e98af91ccf44f9bf47, type: 2}
      propertyPath: target
      value: 
      objectReference: {fileID: 0}
    - target: {fileID: 11400008, guid: b8b03d395f5734e98af91ccf44f9bf47, type: 2}
      propertyPath: updateEarly
      value: 0
      objectReference: {fileID: 0}
    - target: {fileID: 11400008, guid: b8b03d395f5734e98af91ccf44f9bf47, type: 2}
      propertyPath: trackPosition
      value: 0
      objectReference: {fileID: 0}
    - target: {fileID: 11400008, guid: b8b03d395f5734e98af91ccf44f9bf47, type: 2}
      propertyPath: trackRotation
      value: 1
      objectReference: {fileID: 0}
    - target: {fileID: 11400012, guid: b8b03d395f5734e98af91ccf44f9bf47, type: 2}
      propertyPath: autoUntiltHead
      value: 0
      objectReference: {fileID: 0}
    m_RemovedComponents: []
  m_ParentPrefab: {fileID: 100100000, guid: b8b03d395f5734e98af91ccf44f9bf47, type: 2}
  m_IsPrefabParent: 0
--- !u!1001 &2103401518
Prefab:
  m_ObjectHideFlags: 0
  serializedVersion: 2
  m_Modification:
    m_TransformParent: {fileID: 750980973}
    m_Modifications:
    - target: {fileID: 400000, guid: f468251a01e8242df8066e377619a712, type: 2}
      propertyPath: m_LocalPosition.x
      value: 0.704263
      objectReference: {fileID: 0}
    - target: {fileID: 400000, guid: f468251a01e8242df8066e377619a712, type: 2}
      propertyPath: m_LocalPosition.y
      value: -2.838694
      objectReference: {fileID: 0}
    - target: {fileID: 400000, guid: f468251a01e8242df8066e377619a712, type: 2}
      propertyPath: m_LocalPosition.z
      value: -2.6990626
      objectReference: {fileID: 0}
    - target: {fileID: 400000, guid: f468251a01e8242df8066e377619a712, type: 2}
      propertyPath: m_LocalRotation.x
      value: 0
      objectReference: {fileID: 0}
    - target: {fileID: 400000, guid: f468251a01e8242df8066e377619a712, type: 2}
      propertyPath: m_LocalRotation.y
      value: 0
      objectReference: {fileID: 0}
    - target: {fileID: 400000, guid: f468251a01e8242df8066e377619a712, type: 2}
      propertyPath: m_LocalRotation.z
      value: 0
      objectReference: {fileID: 0}
    - target: {fileID: 400000, guid: f468251a01e8242df8066e377619a712, type: 2}
      propertyPath: m_LocalRotation.w
      value: 1
      objectReference: {fileID: 0}
    - target: {fileID: 400000, guid: f468251a01e8242df8066e377619a712, type: 2}
      propertyPath: m_RootOrder
      value: 1
      objectReference: {fileID: 0}
    - target: {fileID: 100004, guid: f468251a01e8242df8066e377619a712, type: 2}
      propertyPath: m_IsActive
      value: 0
      objectReference: {fileID: 0}
    m_RemovedComponents: []
  m_ParentPrefab: {fileID: 100100000, guid: f468251a01e8242df8066e377619a712, type: 2}
  m_IsPrefabParent: 0
--- !u!1001 &2138289192
Prefab:
  m_ObjectHideFlags: 0
  serializedVersion: 2
  m_Modification:
    m_TransformParent: {fileID: 750980973}
    m_Modifications:
    - target: {fileID: 400000, guid: c70aff9297e6d4e9fa6e82c0038ded02, type: 2}
      propertyPath: m_LocalPosition.x
      value: 0.704263
      objectReference: {fileID: 0}
    - target: {fileID: 400000, guid: c70aff9297e6d4e9fa6e82c0038ded02, type: 2}
      propertyPath: m_LocalPosition.y
      value: -2.838694
      objectReference: {fileID: 0}
    - target: {fileID: 400000, guid: c70aff9297e6d4e9fa6e82c0038ded02, type: 2}
      propertyPath: m_LocalPosition.z
      value: -2.6990626
      objectReference: {fileID: 0}
    - target: {fileID: 400000, guid: c70aff9297e6d4e9fa6e82c0038ded02, type: 2}
      propertyPath: m_LocalRotation.x
      value: -0.00000005572216
      objectReference: {fileID: 0}
    - target: {fileID: 400000, guid: c70aff9297e6d4e9fa6e82c0038ded02, type: 2}
      propertyPath: m_LocalRotation.y
      value: 0.9396926
      objectReference: {fileID: 0}
    - target: {fileID: 400000, guid: c70aff9297e6d4e9fa6e82c0038ded02, type: 2}
      propertyPath: m_LocalRotation.z
      value: -0.34202018
      objectReference: {fileID: 0}
    - target: {fileID: 400000, guid: c70aff9297e6d4e9fa6e82c0038ded02, type: 2}
      propertyPath: m_LocalRotation.w
      value: -0.00000015309537
      objectReference: {fileID: 0}
    - target: {fileID: 400000, guid: c70aff9297e6d4e9fa6e82c0038ded02, type: 2}
      propertyPath: m_RootOrder
      value: 8
      objectReference: {fileID: 0}
    - target: {fileID: 100000, guid: c70aff9297e6d4e9fa6e82c0038ded02, type: 2}
      propertyPath: m_IsActive
      value: 0
      objectReference: {fileID: 0}
    m_RemovedComponents: []
  m_ParentPrefab: {fileID: 100100000, guid: c70aff9297e6d4e9fa6e82c0038ded02, type: 2}
  m_IsPrefabParent: 0
